@inproceedings{cvm_2022,
  author       = {Sourav Chakraborty and
                  N. V. Vinodchandran and
                  Kuldeep S. Meel},
  editor       = {Shiri Chechik and
                  Gonzalo Navarro and
                  Eva Rotenberg and
                  Grzegorz Herman},
  title        = {Distinct Elements in Streams: An Algorithm for the (Text) Book},
  booktitle    = {ESA},
  series       = {LIPIcs},
  volume       = {244},
  pages        = {34:1--34:6},
  publisher    = {Schloss Dagstuhl - Leibniz-Zentrum f{\"{u}}r Informatik},
  year         = {2022},
  skipurl          = {https://doi.org/10.4230/LIPIcs.ESA.2022.34},
  doi          = {10.4230/LIPICS.ESA.2022.34},
  timestamp    = {Wed, 21 Aug 2024 22:46:00 +0200},
  biburl       = {https://dblp.org/rec/conf/esa/0001VM22.bib},
  bibsource    = {dblp computer science bibliography, https://dblp.org}
}

@article{cvm_2023,
  author       = {Sourav Chakraborty and
                  N. V. Vinodchandran and
                  Kuldeep S. Meel},
  title        = {Distinct Elements in Streams: An Algorithm for the (Text) Book},
  journal      = {CoRR},
  volume       = {abs/2301.10191},
  year         = {2023},
  skipurl          = {https://doi.org/10.48550/arXiv.2301.10191},
  doi          = {10.48550/ARXIV.2301.10191},
  skipeprinttype    = {arXiv},
  skipeprint       = {2301.10191},
  timestamp    = {Thu, 26 Jan 2023 17:49:16 +0100},
  biburl       = {https://dblp.org/rec/journals/corr/abs-2301-10191.bib},
  bibsource    = {dblp computer science bibliography, https://dblp.org}
}

@incollection{barthe_hsu_2020,
  place={Cambridge},
  title={Probabilistic Couplings from Program Logics},
  booktitle={Foundations of Probabilistic Programming},
  publisher={Cambridge University Press},
  author={Barthe, Gilles and Hsu, Justin},
  editor={Barthe, Gilles and Katoen, Joost-Pieter and Silva, AlexandraEditors},
  year={2020}, pages={145â€“184}
}