@article{joagdev1983,
  author = {Kumar Joag-Dev and Frank Proschan},
  title = {{Negative Association of Random Variables with Applications}},
  volume = {11},
  journal = {The Annals of Statistics},
  number = {1},
  publisher = {Institute of Mathematical Statistics},
  pages = {286 -- 295},
  keywords = {association, conditionally decreasing in sequence, multivariate inequalities, negative association, Negative dependence, negative orthant dependence, negatively correlated normal random variables, negatively dependent in sequence, reverse rule of order 2},
  year = {1983},
  doi = {10.1214/aos/1176346079},
}
